@misc{Documentation,
	note = {[Online; accessed 2023-01-31]},
	title = {Documentation -- arm developer},
	howpublished = {https://developer.arm.com/documentation/ddi0439/b/CHDDIGAC},
}

@misc{NUCLEO,
	note = {[Online; accessed 2023-01-31]},
	title = {NUCLEO-{F446RE}},
	howpublished = {https://www.st.com/en/evaluation-tools/nucleo-f446re.html},
}






